@misc{nofrills,
  title={A No-Frills Introduction to Lua 5 VM Instructions},
  author={Man, Kein-Hong},
	year={2006},
	url={http://luaforge.net/docman/83/98/ANoFrillsIntroToLua51VMInstructions.pdf}
},

@article{smithvmarticle,
  title={The Architecture of Virtual Machines},
  author={Smith, J.E. and Nair, R.},
  journal={Computer},
  volume={38},
  number={5},
  pages={32--38},
  year={2005},
  publisher={IEEE}
},

@book{smithvmbook,
  title={Virtual Machines: Versatile Platforms for Systems and Processes},
  author={Smith, J.E. and Nair, R.},
  year={2005},
  publisher={Elsevier}
},

@misc{luaimplementation,
abstract = {We discuss the main novelties of the implementation of Lua 5.0: its register-based virtual machine, the new algorithm for optimizing tables used as arrays, the implementation of closures, and the addition of coroutines.},
author = {Ierusalimschy, Roberto; de Figueiredo, L.H. and Celes, W.},
keywords = {closures,compilers,coroutines,hash tables,virtual machines},
pages = {13},
title = {{The Implementation of Lua 5.0}},
url = {http://www.lua.org/doc/sblp2005.pdf},
urldate = {2015-02-03},
year = {2003}
},

@inproceedings{caseregistervm,
  title={The Case For Virtual Register Machines},
  author={Davis, B., Beatty, A., Casey, K., Gregg, D., and Waldron, J.},
  booktitle={Proceedings of the 2003 Workshop on Interpreters, Virtual Machines and Emulators},
  pages={41--49},
  year={2003},
  organization={ACM}
},

@article{structureinterpreters,
  title={The Structure and Performance of Efficient Interpreters},
  author={Ertl, M.A. and Gregg, D.},
  journal={Journal of Instruction-Level Parallelism},
  volume={5},
  pages={1--25},
  year={2003}
}
